<?xml version="1.0" encoding="UTF-8"?><collection xmlns="http://www.loc.gov/MARC21/slim"><record><leader>00563nam--2200181-u-4500</leader><controlfield tag="001">000054786</controlfield><controlfield tag="002">20161230</controlfield><controlfield tag="005">20161230201051</controlfield><controlfield tag="008">120611s1000------------r-----000-0-fre-d</controlfield><datafield ind1=" " ind2=" " tag="040"><subfield code="a">IFIN-HH</subfield></datafield><datafield ind1=" " ind2=" " tag="041"><subfield code="a">fre</subfield></datafield><datafield ind1=" " ind2=" " tag="080"><subfield code="a">539.171.017(043)</subfield></datafield><datafield ind1="1" ind2=" " tag="100"><subfield code="a">Terrien, Yves</subfield></datafield><datafield ind1="1" ind2="0" tag="245"><subfield code="a">Test des fonctions d'onde des etats collectifs des sphriques par la diffusion inelastique de protons, helium-3 et particules alpha</subfield><subfield code="b">These</subfield><subfield code="c">Yves terrien</subfield></datafield><datafield ind1=" " ind2=" " tag="260"><subfield code="a">Paris</subfield><subfield code="b">Universite</subfield><subfield code="c">1973</subfield></datafield><datafield ind1=" " ind2=" " tag="300"><subfield code="a">136P. + PLANSE</subfield></datafield><datafield ind1=" " ind2=" " tag="852"><subfield code="a">40346</subfield><subfield code="c">539.17</subfield></datafield><datafield ind1=" " ind2=" " tag="CAT"><subfield code="a">Sys</subfield><subfield code="c">20120611</subfield><subfield code="h">150741</subfield></datafield></record></collection>